<record><leader>00000cas a2200000 a 4500</leader><controlfield tag="001">11313775</controlfield><controlfield tag="008">841026d18101825wvuwr ne      0    0eng d</controlfield><controlfield tag="009">3768</controlfield><datafield ind1=" " ind2=" " tag="010"><subfield code="a">sn 84038455 </subfield></datafield><datafield ind1=" " ind2=" " tag="040"><subfield code="a">NPX</subfield><subfield code="b">eng</subfield><subfield code="c">NPX</subfield><subfield code="d">OCL</subfield><subfield code="d">WVC</subfield><subfield code="d">DLC</subfield><subfield code="d">WVC</subfield><subfield code="d">DLC</subfield><subfield code="d">KNP</subfield><subfield code="d">CNK</subfield><subfield code="d">NVK</subfield><subfield code="d">OCL</subfield><subfield code="d">NVK</subfield><subfield code="d">OCL</subfield><subfield code="d">OCLCQ</subfield><subfield code="d">DLC</subfield><subfield code="d">OCLCF</subfield></datafield><datafield ind1="1" ind2=" " tag="029"><subfield code="a">AU@</subfield><subfield code="b">000020122666</subfield></datafield><datafield ind1=" " ind2=" " tag="042"><subfield code="a">msc</subfield></datafield><datafield ind1=" " ind2=" " tag="043"><subfield code="a">n-us-wv</subfield></datafield><datafield ind1="0" ind2="0" tag="050"><subfield code="a">Newspaper</subfield></datafield><datafield ind1="0" ind2="0" tag="245"><subfield code="a">Martinsburgh gazette.</subfield></datafield><datafield ind1="0" ind2="0" tag="246"><subfield code="a">Martinsburg gazette</subfield></datafield><datafield ind1=" " ind2=" " tag="260"><subfield code="a">Martinsburgh, Va. [W. Va.] :</subfield><subfield code="b">John Alburtis,</subfield><subfield code="c">-1825.</subfield></datafield><datafield ind1=" " ind2=" " tag="300"><subfield code="a">v. ;</subfield><subfield code="c">37-54 cm.</subfield></datafield><datafield ind1=" " ind2=" " tag="310"><subfield code="a">Weekly</subfield></datafield><datafield ind1="1" ind2=" " tag="362"><subfield code="a">Began in July, 1810.</subfield><subfield code="z">Cf. Norona and Shetler. W. Va. Imprints.</subfield></datafield><datafield ind1="0" ind2=" " tag="362"><subfield code="a">-v. 27, no. 52 (Dec. 29, 1825) = whole no. 1403.</subfield></datafield><datafield ind1=" " ind2=" " tag="500"><subfield code="a">Title varies slightly.</subfield></datafield><datafield ind1=" " ind2=" " tag="530"><subfield code="a">Also available on microfilm from the Library of Congress Photoduplication Service, and West Virginia University Library Photoduplication section.</subfield></datafield><datafield ind1=" " ind2=" " tag="588"><subfield code="a">Description based on: Vol. 12, no. 10 (Jul. 27, 1810)= Whole no. 582.</subfield></datafield><datafield ind1=" " ind2="0" tag="651"><subfield code="a">Martinsburg (W. Va.)</subfield><subfield code="v">Newspapers.</subfield></datafield><datafield ind1=" " ind2="7" tag="655"><subfield code="a">Newspapers.</subfield><subfield code="2">fast</subfield><subfield code="0">(OCoLC)fst01423814</subfield></datafield><datafield ind1=" " ind2="7" tag="651"><subfield code="a">West Virginia</subfield><subfield code="z">Martinsburg.</subfield><subfield code="2">fast</subfield><subfield code="0">(OCoLC)fst01224867</subfield></datafield><datafield ind1=" " ind2=" " tag="752"><subfield code="a">United States</subfield><subfield code="b">West Virginia</subfield><subfield code="c">Berkeley</subfield><subfield code="d">Martinsburg.</subfield></datafield><datafield ind1="0" ind2="0" tag="780"><subfield code="t">Berkeley and Jefferson intelligencer</subfield><subfield code="w">(DLC)sn 85059525</subfield><subfield code="w">(OCoLC)12660000</subfield></datafield><datafield ind1="0" ind2="0" tag="785"><subfield code="t">Martinsburg gazette and public advertiser</subfield><subfield code="w">(DLC)sn 85059526</subfield><subfield code="w">(OCoLC)12660002</subfield></datafield></record>